@misc{ilzetzki_2022, title={Surging inflation in the UK}, url={https://voxeu.org/article/surging-inflation-uk}, journal={VOX, CEPR Policy Portal}, publisher={voxeu}, author={Ilzetzki , Ethan}, year={2022}, month={Feb}}

@misc{seckute_2022, title={European supply shock: Sectors and countries at most risk}, url={https://ihsmarkit.com/research-analysis/european-supply-shock-sectors-and-countries-at-most-risk.html}, journal={IHS Markit}, publisher={IHS Markit}, author={Seckute, Vaiva}, year={2022}, month={Apr}}


@misc{statista, title={The world's leading aluminum exporters by country 2020}, url={https://www.statista.com/statistics/1113623/global-aluminum-exports-by-country/}, journal={The world's leading exporters of aluminum and aluminum products in 2020, by country }, publisher={Statista}, author={Statista Research Departmen}, year={2022}, month={Apr}}

@misc{worldbank_2019, title={United Kingdom metals imports by country}, url={https://wits.worldbank.org/CountryProfile/en/Country/GBR/Year/LTST/TradeFlow/Import/Partner/by-country/Product/72-83_Metals}, journal={United Kingdom Metals Imports by country 2019 | WITS Data}, publisher={WorldBank}, author={WorldBank}, year={2019}}

@misc{hass_denmark_2022, title={More pain than gain: How the US-china trade war hurt America}, url={https://www.brookings.edu/blog/order-from-chaos/2020/08/07/more-pain-than-gain-how-the-us-china-trade-war-hurt-america/}, journal={Brookings}, publisher={Brookings}, author={Hass, Ryan and Denmark, Abraham}, year={2022}, month={Mar}}