% https://adrianb.io/2015/02/14/bunnyhop.html
% the movement code origin of cs
 @misc{adrianb, title={Adrian's soapbox}, url={https://adrianb.io/2015/02/14/bunnyhop.html}, journal={Bunnyhopping from the Programmer's Perspective}}

% https://www.jwchong.com/hl/strafing.html
% the maths and analysis of the strafing in hl2
 @misc{jwchong, title={Half-life physics referenceÂ¶}, url={https://www.jwchong.com/hl}, journal={Half-Life Physics Reference - Half-Life Physics Reference}}

% https://steamcommunity.com/sharedfiles/filedetails/?id=184184420
% the strafing and its mathematical equations in tf2
 @misc{Kered13, title={Guide :: More than you ever wanted to know about air strafing}, url={https://steamcommunity.com/sharedfiles/filedetails/?id=184184420}, journal={Steam Community}}

% https://www.math.uni-sb.de/ag/fuchs/cv14/cv-14-lecture-6.pdf
% optimzation lecture notes
 @misc{apushkinskaya_2014, title={Calculus of variations summer term 2014 - math.uni-SB.DE}, url={https://www.math.uni-sb.de/ag/fuchs/cv14/cv-14-lecture-6.pdf}, journal={Calculus of Variations: Summer Term 2014}, author={Apushkinskaya, Daria}, year={2014}}


