@article{labor,
    title = {Legislation, Employment New Zealand},
    publisher = {Employment New Zealand},
    year={2021},
    url={https://www.employment.govt.nz/about/employment-law/legislation/}
}

@article{unemploy,
    title = {Unemployment rate},
    publisher={Stats NZ},
    year={2021},
    url={https://www.stats.govt.nz/indicators/unemployment-rate}
}

@article{spend,
    title = {Household savings only just positive},
    publisher={Stats NZ},
    year={2020},
    month={11},
    url={https://www.stats.govt.nz/news/household-saving-only-just-positive}
}