% https://www.youtube.com/watch?v=78wz4KSzUvo
% noether

% https://www.youtube.com/watch?v=aVwxzDHniEw
% bezier

% https://www.3blue1brown.com/blog/some1
% some1

% https://www.youtube.com/watch?v=IZbk1TAlUfA&list=PLOL6_MKUNdj6FpTN7uXP2QStapHtuA2iJ&index=3
% second entry

%https://www.youtube.com/watch?v=Nh_y1eGt9tY&list=PLOL6_MKUNdj6FpTN7uXP2QStapHtuA2iJ&index=25
% snell

% law of large numbers

% appendix, simulate_occurence

% appendix, accuracy against information