@article{labor,
    title = {Legislation, Employment New Zealand},
    publisher = {Employment New Zealand},
    year={2021},
    url={https://www.employment.govt.nz/about/employment-law/legislation/}
}

@article{exports,
    title={Imports and exports},
    publisher={Stats NZ},
    year={2021},
    url={https://www.stats.govt.nz/topics/imports-and-exports}
}