@article{vernier_manual,
    title={Light Sensor User Manual},
    url={https://www.vernier.com/manuals/ls-bta/},
    publisher={Vernier},
    year={2021},
    month={October}
}

@article{intensityLuminous_se,
    title={Why do we need to define both luminous intensity and illuminance?},
    author={Farcher},
    url={https://physics.stackexchange.com/questions/398619/why-do-we-need-to-define-both-luminous-intensity-and-illuminance},
    publisher={Physics Stack Exchange},
    year={2021},
    month={October}
}

@article{candela,
    title={Candela},
    author={WikipediaContributors},
    url={https://en.wikipedia.org/wiki/Candela},
    publisher={Candela},
    year={2021},
    month={October}

}

@article{isl,
    title={Inverse square law},
    publisher={Energy Education},
    url={https://energyeducation.ca/encyclopedia/Inverse_square_law},
    year={2021},
    month={November}
}

@article{tower,
    title={Moonlight tower},
    author={WikipediaContributors},
    url={https://en.wikipedia.org/wiki/Moonlight_tower},
    year={2021},
    month={October}
}

@article{si_candela,
    title={The International System of Units (SI)},
    url={https://www.govinfo.gov/content/pkg/GOVPUB-C13-ff857f3d2d16a5c97f5cd65764a52831/pdf/GOVPUB-C13-ff857f3d2d16a5c97f5cd65764a52831.pdf},
    publisher={NIST, National Institute of Standards and Technology},
    year={1991}
}

@article{le_value1,
    title={Recent Developments in Gas Street Lighting},
    author={Westermaier, F. V.},
    url={https://books.google.com/books?id=rWxLAAAAMAAJ&q=mantle+lamp&pg=PA490},
    publisher={New York: Civic Prss.},
    year={1920}
}

@article{le_value2,
    title={Bulbs: Gluehbirne.ch: Philips Standard Lamps (German)},
    url={http://www.bulbs.ch/index.php?cPath=49_41_55_61_94},
    publisher={Bulbs.ch},
    year={2013}
}

@article{le_value3,
    title={Osram 6406330 Miniwatt-Halogen 5.2V},
    url={https://web.archive.org/web/20160213071457/http://www.bulbtronics.com/Search-The-Warehouse/ProductDetail.aspx?sid=0000747&pid=OS6406330&AspxAutoDetectCookieSupport=1},
    publisher={bulbtronics.com},
    year={2016}
}

@article{le_value4,
    title={BulbAmerica.com},
    url={https://web.archive.org/web/20121201003233/http://www.bulbamerica.com/osram-24w-t5-miniature-bi-pin-compact-fluorescent-light-bulb-1.html},
    publisher={BulbAmerica.com},
    year={2010}
}

% https://books.google.com/books?id=rWxLAAAAMAAJ&q=mantle+lamp&pg=PA490
% Westermaier, F. V. (1920). "Recent Developments in Gas Street Lighting". eThe American City. New York: Civic Prss. 22 (5): 490.

% http://www.bulbs.ch/index.php?cPath=49_41_55_61_94
% "Bulbs: Gluehbirne.ch: Philips Standard Lamps (German)". Bulbs.ch. Retrieved 2013-05-17.

% https://web.archive.org/web/20160213071457/http://www.bulbtronics.com/Search-The-Warehouse/ProductDetail.aspx?sid=0000747&pid=OS6406330&AspxAutoDetectCookieSupport=1
%"Osram 6406330 Miniwatt-Halogen 5.2V". bulbtronics.com. Archived from the original on 2016-02-13. Retrieved 2013-04-16.

% https://web.archive.org/web/20121201003233/http://www.bulbamerica.com/osram-24w-t5-miniature-bi-pin-compact-fluorescent-light-bulb-1.html
% "BulbAmerica.com". Bulbamerica.com. Archived from the original on December 1, 2012. Retrieved 2010-02-20.
