@article{gas_law,
    title={Ideal Gas Law},
    url={https://www.jove.com/science-education/11147/ideal-gas-law},
    publisher={Jove},
    year={2021},
    month={October}
}

% https://www.jove.com/science-education/11147/ideal-gas-law

@book{pearson,
    title={IB Chemistry HL},
    publisher={Pearson},
    year={2014},
    author={Cartin Brown, Mike Ford}
}


% https://www.convertunits.com/from/PSI/to/kPa
@article{conver_units,
    title={Convert PSI to kPa - Conversion of Measurement Units},
    url={https://www.convertunits.com/from/PSI/to/kPa},
    publisher={convertunits.com},
    year={2021},
}


@article{si_form,
    title={The International System of Units (SI)},
    url={https://www.govinfo.gov/content/pkg/GOVPUB-C13-ff857f3d2d16a5c97f5cd65764a52831/pdf/GOVPUB-C13-ff857f3d2d16a5c97f5cd65764a52831.pdf},
    publisher={NIST, National Institute of Standards and Technology},
    year={1991}
}


% https://www.elgas.com.au/blog/479-gas-bottles-in-the-sun/

@article{lpg,
    title={LPG Gas Bottles in the Sun â€“ Can a Propane Tank Explode in the Sun: High Temperatures},
    url={https://www.elgas.com.au/blog/479-gas-bottles-in-the-sun/},
    publisher={ELGAS},
    year={2021},
    month={10}
}

