  @misc{DKahneman,
    author = {Wikipedia contributors},
    title = {Daniel Kahneman --- {Wikipedia}{,} The Free Encyclopedia},
    year = {2021},
    url = {https://en.wikipedia.org/w/index.php?title=Daniel_Kahneman&oldid=1051608878},
    note = {[Online; accessed 27-October-2021]}
}


@misc{Review,
    publisher = {Audible},
    title = {The Bible According to Spike Milligan},
    year = {2021},
    url = {https://www.audible.com.au/pd/The-Bible-According-to-Spike-Milligan-Audiobook/B01M0AEXOJ},
}
