@misc{axiomatic, title={Axiomatic method}, url={https://www.britannica.com/science/axiomatic-method}, journal={Encyclopædia Britannica}, publisher={Encyclopædia Britannica, inc.}}

@misc{axiom, title={Axiom}, url={https://www.britannica.com/topic/axiom}, journal={Encyclopædia Britannica}, publisher={Encyclopædia Britannica, inc.}}

@misc{horsten_2022, title={Philosophy of mathematics}, url={https://plato.stanford.edu/entries/philosophy-mathematics/}, journal={Stanford Encyclopedia of Philosophy}, publisher={Stanford University}, author={Horsten, Leon}, year={2022}, month={Jan}}

@misc{sakarda_tan_tipirneni_2020, title={Properties of elliptic curves - MIT mathematics}, url={https://math.mit.edu/research/highschool/primes/materials/2020/December/1-Sakarda-Tan-Tipirneni.pdf}, journal={Properties of Elliptic Curves}, publisher={MIT}, author={Sakarda, Anuj and Tan, Jerry and Tipirneni, Armaan}, year={2020}, month={Dec}}

@misc{masdeu_2015, title={Modular forms (MA4H9) - departament de matemàtiques}, url={https://mat.uab.cat/~masdeu/wp-content/uploads/2020/02/ModularForms.pdf}, journal={Uab}, publisher={Uab}, author={Masdeu, Marc}, year={2015}}

@article{lander_parkin_1966, title={Counterexample to euler’s conjecture on sums of like powers}, volume={72}, DOI={10.1090/s0002-9904-1966-11654-3}, number={6}, journal={Bulletin of the American Mathematical Society}, author={Lander, L. J. and Parkin, T. R.}, year={1966}, pages={1079},publisher={Dartmouth College}}

@misc{bellos_2022, title={Can you solve it? Gödel's incompleteness theorem}, url={https://www.theguardian.com/science/2022/jan/10/can-you-solve-it-godels-incompleteness-theorem}, journal={The Guardian}, publisher={Guardian News and Media}, author={Bellos, Alex}, year={2022}, month={Jan}}

@article{wiles_1995, title={Modular forms, elliptic curves, and Fermat’s last theorem}, DOI={10.1007/978-3-0348-9078-6_18}, journal={Proceedings of the International Congress of Mathematicians}, author={Wiles, Andrew}, year={1995}, pages={243–245},publisher={ICM}}

@misc{wikipedia_2021, title={Econometrics}, url={https://en.wikipedia.org/wiki/Econometrics}, journal={Wikipedia}, publisher={Wikimedia Foundation}, year={2021}, month={Oct}}


@article{pentland_liu_1999, title={Modeling and prediction of human behavior}, volume={11}, DOI={10.1162/089976699300016890}, number={1}, journal={Neural Computation}, author={Pentland, Alex and Liu, Andrew}, year={1999}, pages={229–242}, publisher={online}}


@misc{nielsen_2022, title={Stagflation in the 1970s}, url={https://www.investopedia.com/articles/economics/08/1970-stagflation.asp}, journal={Investopedia}, publisher={Investopedia}, author={Nielsen, Barry}, year={2022}, month={Feb}}

@misc{guardian_2022, title={Turkey's war with inflation: 'prices change daily and everyone is scared'}, url={https://www.theguardian.com/business/2022/apr/16/turkeys-war-with-inflation-prices-change-daily-and-everyone-is-scared}, journal={The Guardian}, publisher={Guardian News and Media}, year={2022}, month={Apr}}

@article{hsing_2010, title={Test of the Marshall–lerner condition for eight selected Asian countries and policy implications}, volume={39}, DOI={10.1080/12265081003696429}, number={1}, journal={Global Economic Review}, author={Hsing, Yu}, year={2010}, pages={91–98}, publisher={tandfonline}}

@misc{mlcond, title={Marshall–Lerner Condition}, url={https://en.wikipedia.org/wiki/Marshall%E2%80%93Lerner_condition}, journal={Wikipedia}, publisher={Wikimedia Foundation}, author={Wikipedia Contributers}, year={2022}, month={May}}

